@inproceedings{semeval,
  title={Semeval-2010 task 8: Multi-way classification of semantic relations between pairs of nominals},
  author={Hendrickx, Iris and Kim, Su Nam and Kozareva, Zornitsa and Nakov, Preslav and {\'O} S{\'e}aghdha, Diarmuid and Pad{\'o}, Sebastian and Pennacchiotti, Marco and Romano, Lorenza and Szpakowicz, Stan},
  booktitle={Proceedings of the Workshop on Semantic Evaluations: Recent Achievements and Future Directions},
  pages={94--99},
  year={2009},
  organization={Association for Computational Linguistics}
}